<record><leader>00000cas a22000007a 4500</leader><controlfield tag="001">31640928</controlfield><controlfield tag="008">941209d1890189ucauwr ne      0    0eng d</controlfield><datafield ind1=" " ind2=" " tag="010"><subfield code="a">sn 94052788 </subfield></datafield><datafield ind1=" " ind2=" " tag="040"><subfield code="a">CUY</subfield><subfield code="b">eng</subfield><subfield code="c">CNK</subfield><subfield code="d">OCLCQ</subfield><subfield code="d">OCLCF</subfield><subfield code="d">OCLCO</subfield></datafield><datafield ind1="1" ind2=" " tag="029"><subfield code="a">AU@</subfield><subfield code="b">000011427516</subfield></datafield><datafield ind1=" " ind2=" " tag="042"><subfield code="a">msc</subfield></datafield><datafield ind1=" " ind2=" " tag="043"><subfield code="a">n-us-ca</subfield></datafield><datafield ind1="0" ind2="4" tag="245"><subfield code="a">The Vineland herald, Azusa Valley news.</subfield></datafield><datafield ind1="3" ind2="0" tag="246"><subfield code="a">Vineland herald, the Azusa Valley news</subfield></datafield><datafield ind1=" " ind2=" " tag="260"><subfield code="a">Azusa, Los Angeles County, Calif. :</subfield><subfield code="b">Mrs. Geo. Bentley</subfield></datafield><datafield ind1=" " ind2=" " tag="300"><subfield code="a">v.</subfield></datafield><datafield ind1=" " ind2=" " tag="310"><subfield code="a">Weekly</subfield></datafield><datafield ind1="1" ind2=" " tag="362"><subfield code="a">Began in 1890.</subfield></datafield><datafield ind1=" " ind2=" " tag="500"><subfield code="a">Also published as: Vineland herald, the Azusa Valley news.</subfield></datafield><datafield ind1=" " ind2=" " tag="588"><subfield code="a">Description based on: 5th year, no. 34 (Aug. 16, 1890) = whole no. 1325.</subfield></datafield><datafield ind1=" " ind2="0" tag="651"><subfield code="a">Azusa (Calif.)</subfield><subfield code="v">Newspapers.</subfield></datafield><datafield ind1=" " ind2="7" tag="655"><subfield code="a">Newspapers.</subfield><subfield code="2">fast</subfield><subfield code="0">(OCoLC)fst01423814</subfield></datafield><datafield ind1=" " ind2="7" tag="651"><subfield code="a">California</subfield><subfield code="z">Azusa.</subfield><subfield code="2">fast</subfield><subfield code="0">(OCoLC)fst01217478</subfield></datafield><datafield ind1=" " ind2=" " tag="752"><subfield code="a">United States</subfield><subfield code="b">California</subfield><subfield code="c">Los Angeles</subfield><subfield code="d">Azusa.</subfield></datafield></record>